@book{sarkka2013,
  title={{B}ayesian filtering and smoothing},
  author={S{\"a}rkk{\"a}, Simo},
  year={2013},
  publisher={Cambridge university press}
}
@book{douc2014,
  author = {Douc, Randal and Moulines, {\'E}ric and Stoffer, David},
  title = {{N}onlinear time series: theory, methods and applications with {R} examples},
  year = {2014},
  publisher = {Chapman and Hall/CRC}
}

@book{zucchini2017,
  title={{H}idden {M}arkov models for time series: an introduction using {R}},
  author={Zucchini, Walter and MacDonald, Iain L and Langrock, Roland},
  year={2017},
  publisher={CRC press}
}

@article{brown1961,
  title = {The fundamental theorem of exponential smoothing},
  author = {Brown, Robert G. and Meyer, Richard F.},
  year = {1961},
  journal = {Operations Research},
  volume = {9},
  number = {5},
  pages = {673-685}
}

@book{box2015,
  title={Time series analysis: forecasting and control},
  author={Box, George EP and Jenkins, Gwilym M and Reinsel, Gregory C and Ljung, Greta M},
  year={2015},
  publisher={John Wiley \& Sons}
}

@article{touron2019,
  title={Consistency of the maximum likelihood estimator in seasonal hidden {M}arkov models},
  author={Touron, Augustin},
  journal={Statistics and Computing},
  volume={29},
  number={5},
  pages={1055--1075},
  year={2019},
  publisher={Springer}
}

@misc{touron2017,
  title={Modeling rainfalls using a seasonal hidden {M}arkov model}, 
  author={Augustin Touron},
  year={2017},
  eprint={1710.08112},
 archivePrefix={arXiv},
}

@article{hochreiter1997,
  title={Long short-term memory},
  author={Hochreiter, Sepp and Schmidhuber, J{\"u}rgen},
  journal={Neural computation},
  volume={9},
  number={8},
  pages={1735--1780},
  year={1997},
  publisher={MIT Press}
}

@article{vaswani2017,
  title={Attention Is All You Need},
  author={Ashish Vaswani and Noam Shazeer and Niki Parmar and Jakob Uszkoreit and Llion Jones and Aidan N. Gomez and Lukasz Kaiser and Illia Polosukhin},
  year={2017},
  journal={31st Conference on Neural Information Processing Systems (NeurIPS 2017)}
}

@article{makridakis2018,
  title={The {M}4 Competition: {R}esults, findings, conclusion and way forward},
  author={Makridakis, Spyros and Spiliotis, Evangelos and Assimakopoulos, Vassilios},
  journal={International Journal of Forecasting},
  volume={34},
  number={4},
  pages={802--808},
  year={2018},
  publisher={Elsevier}
}

@article{makridakis2020,
  title={The {M}4 Competition: 100,000 time series and 61 forecasting methods},
  author={Makridakis, Spyros and Spiliotis, Evangelos and Assimakopoulos, Vassilios},
  journal={International Journal of Forecasting},
  volume={36},
  number={1},
  pages={54--74},
  year={2020},
  publisher={Elsevier}
}

@article{smyl2020,
  title={A hybrid method of exponential smoothing and recurrent neural networks for time series forecasting},
  author={Smyl, Slawek},
  journal={International Journal of Forecasting},
  volume={36},
  number={1},
  pages={75--85},
  year={2020},
  publisher={Elsevier}
}

@article{li2014,
  title={An {ARMAX} model for forecasting the power output of a grid connected photovoltaic system},
  author={Li, Yanting and Su, Yan and Shu, Lianjie},
  journal={Renewable Energy},
  volume={66},
  pages={78--89},
  year={2014},
  publisher={Elsevier}
}

@inproceedings{laptev2017,
  title={Time-series extreme event forecasting with neural networks at {U}ber},
  author={Laptev, Nikolay and Yosinski, Jason and Li, Li Erran and Smyl, Slawek},
  booktitle={International conference on machine learning},
  volume={34},
  pages={1--5},
  year={2017}
}

@article{salinas2020,
  title={Deep{AR}: Probabilistic forecasting with autoregressive recurrent networks},
  author={Salinas, David and Flunkert, Valentin and Gasthaus, Jan and Januschowski, Tim},
  journal={International Journal of Forecasting},
  volume={36},
  number={3},
  pages={1181--1191},
  year={2020},
  publisher={Elsevier}
}

@article{li2019,
  title={Enhancing the locality and breaking the memory bottleneck of transformer on time series forecasting},
  author={Li, Shiyang and Jin, Xiaoyong and Xuan, Yao and Zhou, Xiyou and Chen, Wenhu and Wang, Yu-Xiang and Yan, Xifeng},
  journal={arXiv preprint arXiv:1907.00235},
  year={2019}
}

@inproceedings{siami2018,
  author={Siami-Namini, Sima and Tavakoli, Neda and Siami Namin, Akbar},
  booktitle={2018 17th IEEE International Conference on Machine Learning and Applications (ICMLA)}, 
  title={A Comparison of {ARIMA} and {LSTM} in Forecasting Time Series}, 
  year={2018},
  pages={1394-1401},
}
 
@article{zhang2003,
  title={Time series forecasting using a hybrid {ARIMA} and neural network model},
  author={Zhang, G Peter},
  journal={Neurocomputing},
  volume={50},
  pages={159--175},
  year={2003},
  publisher={Elsevier}
}

@book{rogers1962,
  title={Diffusion of innovations},
  author={Rogers, Everett M},
  year={1962},
  publisher={Simon and Schuster}
}

@article{jianwei2019,
  title={A novel hybrid model on the prediction of time series and its application for the gold price analysis and forecasting},
  author={Jianwei, E and Ye, Jimin and Jin, Haihong},
  journal={Physica A: Statistical Mechanics and its Applications},
  volume={527},
  pages={121454},
  year={2019},
  publisher={Elsevier}
}

@article{bandara2020,
  title={{LSTM-MSNet}: Leveraging forecasts on sets of related time series with multiple seasonal patterns},
  author={Bandara, Kasun and Bergmeir, Christoph and Hewamalage, Hansika},
  journal={IEEE transactions on neural networks and learning systems},
  year={2020},
  publisher={IEEE}
}

@article{lim2019,
  title={Temporal fusion transformers for interpretable multi-horizon time series forecasting},
  author={Lim, Bryan and Arik, Sercan O and Loeff, Nicolas and Pfister, Tomas},
  journal={arXiv preprint arXiv:1912.09363},
  year={2019}
}

@article{martin2020,
  title={The {M}onte {C}arlo {T}ransformer: a stochastic self-attention model for sequence prediction},
  author={Martin, Alice and Ollion, Charles and Strub, Florian and Le Corff, Sylvain and Pietquin, Olivier},
  journal={arXiv preprint arXiv:2007.08620},
  year={2021}
}

@article{hyndman2020,
  title={Package ‘forecast’},
  author={Hyndman, Rob J and Athanasopoulos, George and Bergmeir, Christoph and Caceres, Gabriel and Chhay, Leanne and O'Hara-Wild, Mitchell and Petropoulos, Fotios and Razbash, Slava and Wang, Earo},
  journal={Online] https://cran. r-project. org/web/packages/forecast/forecast. pdf},
  year={2020}
}

@article{alysha2011,
  author = {Alysha M. De Livera and Rob J. Hyndman and Ralph D. Snyder},
  title = {Forecasting Time Series With Complex Seasonal Patterns Using Exponential Smoothing},
  journal = {Journal of the American Statistical Association},
  volume = {106},
  number = {496},
  pages = {1513-1527},
  year  = {2011}
}

@article{ren2015,
  title={Faster {r-cnn}: Towards real-time object detection with region proposal networks},
  author={Ren, Shaoqing and He, Kaiming and Girshick, Ross and Sun, Jian},
  journal={Advances in neural information processing systems},
  volume={28},
  year={2015}
}

@inproceedings{chollet2017,
  title={Xception: Deep learning with depthwise separable convolutions},
  author={Chollet, Fran{\c{c}}ois},
  booktitle={Proceedings of the IEEE conference on computer vision and pattern recognition},
  pages={1251--1258},
  year={2017}
}

@inproceedings{ma2020,
  title={Knowledge enhanced neural fashion trend forecasting},
  author={Ma, Yunshan and Ding, Yujuan and Yang, Xun and Liao, Lizi and Wong, Wai Keung and Chua, Tat-Seng},
  booktitle={Proceedings of the 2020 International Conference on Multimedia Retrieval},
  pages={82--90},
  year={2020}
}

@inproceedings{mall2019,
  title={Geostyle: {D}iscovering fashion trends and events},
  author={Mall, Utkarsh and Matzen, Kevin and Hariharan, Bharath and Snavely, Noah and Bala, Kavita},
  booktitle={Proceedings of the IEEE/CVF International Conference on Computer Vision},
  pages={411--420},
  year={2019}
}

@misc{russakovsky2014,
  author = {Russakovsky, Olga and Deng, Jia and Su, Hao and Krause, Jonathan and Satheesh, Sanjeev and Ma, Sean and Huang, Zhiheng and Karpathy, Andrej and Khosla, Aditya and Bernstein, Michael and Berg, Alexander C. and Fei-Fei, Li},
  keywords = {Computer Vision and Pattern Recognition (cs.CV), FOS: Computer and information sciences, FOS: Computer and information sciences, I.4.8; I.5.2},
  title = {ImageNet Large Scale Visual Recognition Challenge},
  publisher = {arXiv},
  year = {2014}
}

@misc{lin2014,
  author = {Lin, Tsung-Yi and Maire, Michael and Belongie, Serge and Bourdev, Lubomir and Girshick, Ross and Hays, James and Perona, Pietro and Ramanan, Deva and Zitnick, C. Lawrence and Dollár, Piotr},
  title = {Microsoft {COCO}: Common Objects in Context},
  publisher = {arXiv},
  year = {2014},
}

@article{montero2020,
  title = {{FFORMA}: Feature-based forecast model averaging},
  journal = {International Journal of Forecasting},
  volume = {36},
  number = {1},
  pages = {86-92},
  year = {2020},
  note = {M4 Competition},
  author = {Pablo Montero-Manso and George Athanasopoulos and Rob J. Hyndman and Thiyanga S. Talagala}
}

@article{darin2020,
  title = {Forecasting the {M}4 competition weekly data: {F}orecast {P}ro’s winning approach},
  journal = {International Journal of Forecasting},
  volume = {36},
  number = {1},
  pages = {135-141},
  year = {2020},
  author = {Sarah Goodrich Darin and Eric Stellwagen}
}

@article{petropoulos2020,
  title = {A simple combination of univariate models},
  journal = {International Journal of Forecasting},
  volume = {36},
  number = {1},
  pages = {110-115},
  year = {2020},
  issn = {0169-2070},
  author = {Fotios Petropoulos and Ivan Svetunkov}
}

@article{pawlikowski2020,
  title = {Weighted ensemble of statistical models},
  journal = {International Journal of Forecasting},
  volume = {36},
  number = {1},
  pages = {93-97},
  year = {2020},
  author = {Maciej Pawlikowski and Agata Chorowska},
}

@article{cleveland1990,
  title={STL: A seasonal-trend decomposition},
  author={Cleveland, Robert B and Cleveland, William S and McRae, Jean E and Terpenning, Irma},
  journal={J. Off. Stat},
  volume={6},
  number={1},
  pages={3--73},
  year={1990}
}

@article{Alexandrov2020,
  title   = {{GluonTS: Probabilistic and Neural Time Series Modeling in Python}},
  journal = {Journal of Machine Learning Research},
  year    = {2020},
  volume  = {21},
  number  = {116},
  pages   = {1-6},
  author  = {Alexander Alexandrov and Konstantinos Benidis and Michael Bohlke-Schneider
    and Valentin Flunkert and Jan Gasthaus and Tim Januschowski and Danielle C. Maddix
    and Syama Rangapuram and David Salinas and Jasper Schulz and Lorenzo Stella and
    Ali Caner Türkmen and Yuyang Wang},	
  url     = {http://jmlr.org/papers/v21/19-820.html}
}

@article{Taylor2017,
  author = {Taylor, Sean and Letham, Benjamin},
  year = {2017},
  month = {09},
  pages = {},
  title = {Forecasting at Scale},
  volume = {72},
  journal = {The American Statistician},
  doi = {10.1080/00031305.2017.1380080}
}
